%YAML 1.1
%TAG !u! tag:unity3d.com,2011:
--- !u!1 &5103394983186934162
GameObject:
  m_ObjectHideFlags: 0
  m_CorrespondingSourceObject: {fileID: 0}
  m_PrefabInstance: {fileID: 0}
  m_PrefabAsset: {fileID: 0}
  serializedVersion: 6
  m_Component:
  - component: {fileID: 449619497655668606}
  m_Layer: 0
  m_Name: Center
  m_TagString: Untagged
  m_Icon: {fileID: 0}
  m_NavMeshLayer: 0
  m_StaticEditorFlags: 0
  m_IsActive: 1
--- !u!4 &449619497655668606
Transform:
  m_ObjectHideFlags: 0
  m_CorrespondingSourceObject: {fileID: 0}
  m_PrefabInstance: {fileID: 0}
  m_PrefabAsset: {fileID: 0}
  m_GameObject: {fileID: 5103394983186934162}
  m_LocalRotation: {x: 0, y: 0, z: 0, w: 1}
  m_LocalPosition: {x: 0, y: 1.83, z: 0}
  m_LocalScale: {x: 1, y: 1, z: 1}
  m_Children: []
  m_Father: {fileID: 8905252309926448969}
  m_RootOrder: 0
  m_LocalEulerAnglesHint: {x: 0, y: 0, z: 0}
--- !u!1 &7036555253383799599
GameObject:
  m_ObjectHideFlags: 0
  m_CorrespondingSourceObject: {fileID: 0}
  m_PrefabInstance: {fileID: 0}
  m_PrefabAsset: {fileID: 0}
  serializedVersion: 6
  m_Component:
  - component: {fileID: 8905252309926448969}
  - component: {fileID: 8771350828600377023}
  m_Layer: 0
  m_Name: Barn Small
  m_TagString: Untagged
  m_Icon: {fileID: 0}
  m_NavMeshLayer: 0
  m_StaticEditorFlags: 0
  m_IsActive: 1
--- !u!4 &8905252309926448969
Transform:
  m_ObjectHideFlags: 0
  m_CorrespondingSourceObject: {fileID: 0}
  m_PrefabInstance: {fileID: 0}
  m_PrefabAsset: {fileID: 0}
  m_GameObject: {fileID: 7036555253383799599}
  m_LocalRotation: {x: 0, y: 0, z: 0, w: 1}
  m_LocalPosition: {x: 0, y: -0.3, z: 0}
  m_LocalScale: {x: 1, y: 1, z: 1}
  m_Children:
  - {fileID: 449619497655668606}
  - {fileID: 5515039030037947763}
  m_Father: {fileID: 0}
  m_RootOrder: 0
  m_LocalEulerAnglesHint: {x: 0, y: 0, z: 0}
--- !u!114 &8771350828600377023
MonoBehaviour:
  m_ObjectHideFlags: 0
  m_CorrespondingSourceObject: {fileID: 0}
  m_PrefabInstance: {fileID: 0}
  m_PrefabAsset: {fileID: 0}
  m_GameObject: {fileID: 7036555253383799599}
  m_Enabled: 1
  m_EditorHideFlags: 0
  m_Script: {fileID: 11500000, guid: 2a07a7d671fe4360b1c6f203fc3a7625, type: 3}
  m_Name: 
  m_EditorClassIdentifier: 
  IsAutoDestroy: 1
  minZoom: 10
  maxZoom: 15
  BuildingCenterOffset: {fileID: 449619497655668606}
--- !u!1001 &1166513044348684286
PrefabInstance:
  m_ObjectHideFlags: 0
  serializedVersion: 2
  m_Modification:
    m_TransformParent: {fileID: 8905252309926448969}
    m_Modifications:
    - target: {fileID: 8464091805627893696, guid: e3e3ef6414ecc25478babca5a28688b1,
        type: 3}
      propertyPath: m_Name
      value: Barn
      objectReference: {fileID: 0}
    - target: {fileID: 6681393142267175565, guid: e3e3ef6414ecc25478babca5a28688b1,
        type: 3}
      propertyPath: m_LocalPosition.x
      value: 0
      objectReference: {fileID: 0}
    - target: {fileID: 6681393142267175565, guid: e3e3ef6414ecc25478babca5a28688b1,
        type: 3}
      propertyPath: m_LocalPosition.y
      value: 0
      objectReference: {fileID: 0}
    - target: {fileID: 6681393142267175565, guid: e3e3ef6414ecc25478babca5a28688b1,
        type: 3}
      propertyPath: m_LocalPosition.z
      value: 0
      objectReference: {fileID: 0}
    - target: {fileID: 6681393142267175565, guid: e3e3ef6414ecc25478babca5a28688b1,
        type: 3}
      propertyPath: m_LocalRotation.x
      value: 0
      objectReference: {fileID: 0}
    - target: {fileID: 6681393142267175565, guid: e3e3ef6414ecc25478babca5a28688b1,
        type: 3}
      propertyPath: m_LocalRotation.y
      value: 0
      objectReference: {fileID: 0}
    - target: {fileID: 6681393142267175565, guid: e3e3ef6414ecc25478babca5a28688b1,
        type: 3}
      propertyPath: m_LocalRotation.z
      value: 0
      objectReference: {fileID: 0}
    - target: {fileID: 6681393142267175565, guid: e3e3ef6414ecc25478babca5a28688b1,
        type: 3}
      propertyPath: m_LocalRotation.w
      value: 1
      objectReference: {fileID: 0}
    - target: {fileID: 6681393142267175565, guid: e3e3ef6414ecc25478babca5a28688b1,
        type: 3}
      propertyPath: m_RootOrder
      value: 1
      objectReference: {fileID: 0}
    - target: {fileID: 6681393142267175565, guid: e3e3ef6414ecc25478babca5a28688b1,
        type: 3}
      propertyPath: m_LocalEulerAnglesHint.x
      value: 0
      objectReference: {fileID: 0}
    - target: {fileID: 6681393142267175565, guid: e3e3ef6414ecc25478babca5a28688b1,
        type: 3}
      propertyPath: m_LocalEulerAnglesHint.y
      value: 0
      objectReference: {fileID: 0}
    - target: {fileID: 6681393142267175565, guid: e3e3ef6414ecc25478babca5a28688b1,
        type: 3}
      propertyPath: m_LocalEulerAnglesHint.z
      value: 0
      objectReference: {fileID: 0}
    m_RemovedComponents: []
  m_SourcePrefab: {fileID: 100100000, guid: e3e3ef6414ecc25478babca5a28688b1, type: 3}
--- !u!4 &5515039030037947763 stripped
Transform:
  m_CorrespondingSourceObject: {fileID: 6681393142267175565, guid: e3e3ef6414ecc25478babca5a28688b1,
    type: 3}
  m_PrefabInstance: {fileID: 1166513044348684286}
  m_PrefabAsset: {fileID: 0}
